<record><leader>00000cas a2200000 a 4500</leader><controlfield tag="001">11981045</controlfield><controlfield tag="008">850430d18uu1958aluwr ne      0    0eng d</controlfield><datafield ind1=" " ind2=" " tag="010"><subfield code="a">sn 86050125 </subfield></datafield><datafield ind1=" " ind2=" " tag="040"><subfield code="a">AAA</subfield><subfield code="b">eng</subfield><subfield code="c">AAA</subfield><subfield code="d">CPN</subfield><subfield code="d">OCL</subfield><subfield code="d">OCLCQ</subfield></datafield><datafield ind1=" " ind2=" " tag="042"><subfield code="a">msc</subfield></datafield><datafield ind1="0" ind2="4" tag="245"><subfield code="a">The Fort Payne journal.</subfield></datafield><datafield ind1="3" ind2="0" tag="246"><subfield code="a">Fort Payne journal and DeKalb county herald</subfield></datafield><datafield ind1=" " ind2=" " tag="260"><subfield code="a">Fort Payne, Ala. :</subfield><subfield code="b">[s.n.]</subfield></datafield><datafield ind1=" " ind2=" " tag="300"><subfield code="a">v. :</subfield><subfield code="b">ill. ;</subfield><subfield code="c">56-60 cm.</subfield></datafield><datafield ind1=" " ind2=" " tag="310"><subfield code="a">Weekly</subfield></datafield><datafield ind1="0" ind2=" " tag="362"><subfield code="a">-v. 80, no. 40 (Aug. 26, 1958).</subfield></datafield><datafield ind1=" " ind2=" " tag="500"><subfield code="a">Published as: Fort Payne Journal and DeKalb County Herald, Feb. 16, 1927-Apr. 17, 1929.</subfield></datafield><datafield ind1=" " ind2=" " tag="515"><subfield code="a">Numbering is irregular.</subfield></datafield><datafield ind1=" " ind2=" " tag="588"><subfield code="a">Description based on: Vol. 7, no. 10 (Feb. 6, 1885).</subfield></datafield><datafield ind1=" " ind2=" " tag="752"><subfield code="a">United States</subfield><subfield code="b">Alabama</subfield><subfield code="c">DeKalb</subfield><subfield code="d">Fort Payne.</subfield></datafield><datafield ind1="0" ind2="5" tag="780"><subfield code="t">DeKalb county herald</subfield><subfield code="w">(DLC)sn 86050124</subfield></datafield><datafield ind1="0" ind2="7" tag="785"><subfield code="t">Times-new era</subfield><subfield code="w">(DLC)sn 86050123</subfield></datafield><datafield ind1="0" ind2="7" tag="785"><subfield code="t">Times-journal (Fort Payne, Ala.)</subfield><subfield code="w">(DLC)sn 86050126</subfield></datafield></record>